

@inproceedings{DBLP:conf/focs/GoldreichMW86,
  author    = {Oded Goldreich and
               Silvio Micali and
               Avi Wigderson},
  title     = {Proofs that Yield Nothing But their Validity and a Methodology of
               Cryptographic Protocol Design (Extended Abstract)},
  booktitle = {27th Annual Symposium on Foundations of Computer Science, Toronto,
               Canada, 27-29 October 1986},
  pages     = {174--187},
  publisher = {{IEEE} Computer Society},
  year      = {1986},
  url       = {https://doi.org/10.1109/SFCS.1986.47},
  doi       = {10.1109/SFCS.1986.47},
  timestamp = {Wed, 16 Oct 2019 14:14:54 +0200},
  biburl    = {https://dblp.org/rec/conf/focs/GoldreichMW86.bib},
  bibsource = {dblp computer science bibliography, https://dblp.org}
}



@inproceedings{DBLP:conf/eurocrypt/Unruh16,
  author    = {Dominique Unruh},
  editor    = {Marc Fischlin and
               Jean{-}S{\'{e}}bastien Coron},
  title     = {Computationally Binding Quantum Commitments},
  booktitle = {Advances in Cryptology - {EUROCRYPT} 2016 - 35th Annual International
               Conference on the Theory and Applications of Cryptographic Techniques,
               Vienna, Austria, May 8-12, 2016, Proceedings, Part {II}},
  series    = {Lecture Notes in Computer Science},
  volume    = {9666},
  pages     = {497--527},
  publisher = {Springer},
  year      = {2016},
  url       = {https://doi.org/10.1007/978-3-662-49896-5\_18},
  doi       = {10.1007/978-3-662-49896-5\_18},
  timestamp = {Tue, 14 May 2019 10:00:53 +0200},
  biburl    = {https://dblp.org/rec/conf/eurocrypt/Unruh16.bib},
  bibsource = {dblp computer science bibliography, https://dblp.org}
}

@inproceedings{DBLP:conf/coco/MarriottW04,
  author    = {Chris Marriott and
               John Watrous},
  title     = {Quantum Arthur-Merlin Games},
  booktitle = {19th Annual {IEEE} Conference on Computational Complexity {(CCC} 2004),
               21-24 June 2004, Amherst, MA, {USA}},
  pages     = {275--285},
  publisher = {{IEEE} Computer Society},
  year      = {2004},
  url       = {https://doi.org/10.1109/CCC.2004.1313850},
  doi       = {10.1109/CCC.2004.1313850},
  timestamp = {Tue, 21 Jul 2020 19:04:52 +0200},
  biburl    = {https://dblp.org/rec/conf/coco/MarriottW04.bib},
  bibsource = {dblp computer science bibliography, https://dblp.org}
}

@inproceedings{DBLP:conf/stoc/Watrous06,
  author    = {John Watrous},
  editor    = {Jon M. Kleinberg},
  title     = {Zero-knowledge against quantum attacks},
  booktitle = {Proceedings of the 38th Annual {ACM} Symposium on Theory of Computing,
               Seattle, WA, USA, May 21-23, 2006},
  pages     = {296--305},
  publisher = {{ACM}},
  year      = {2006},
  url       = {https://doi.org/10.1145/1132516.1132560},
  doi       = {10.1145/1132516.1132560},
  timestamp = {Tue, 06 Nov 2018 11:07:05 +0100},
  biburl    = {https://dblp.org/rec/conf/stoc/Watrous06.bib},
  bibsource = {dblp computer science bibliography, https://dblp.org}
}

@article{DBLP:journals/siamcomp/Watrous09,
  author    = {John Watrous},
  title     = {Zero-Knowledge against Quantum Attacks},
  journal   = {{SIAM} J. Comput.},
  volume    = {39},
  number    = {1},
  pages     = {25--58},
  year      = {2009},
  url       = {https://doi.org/10.1137/060670997},
  doi       = {10.1137/060670997},
  timestamp = {Wed, 14 Nov 2018 10:45:08 +0100},
  biburl    = {https://dblp.org/rec/journals/siamcomp/Watrous09.bib},
  bibsource = {dblp computer science bibliography, https://dblp.org}
}